@article{kahneman1979prospect,
  title={Prospect theory: An analysis of decision under risk},
  author={Kahneman, D. and Tversky, A.},
  journal={Econometrica},
  volume={47},
  number={2},
  pages={263--291},
  year={1979}
}

@book{lakoff1987women,
  title={Women, Fire, and Dangerous Things: What Categories Reveal about the Mind},
  author={Lakoff, G.},
  year={1987},
  publisher={University of Chicago Press}
}

@techreport{minsky1974framework,
  title={A framework for representing knowledge},
  author={Minsky, M.},
  year={1974},
  institution={MIT-AI Laboratory},
  number={Memo 306}
}

@book{pearl2009causality,
  title={Causality: Models, Reasoning, and Inference},
  author={Pearl, J.},
  year={2009},
  edition={2nd},
  publisher={Cambridge University Press}
}

@book{russell2020artificial,
  title={Artificial Intelligence: A Modern Approach},
  author={Russell, S. and Norvig, P.},
  year={2020},
  edition={4th},
  publisher={Pearson}
}

@techreport{fipa2002acl,
  title={FIPA ACL Message Structure Specification},
  author={FIPA},
  year={2002},
  institution={Foundation for Intelligent Physical Agents}
}

@book{fagin2003reasoning,
  title={Reasoning About Knowledge},
  author={Fagin, R. and Halpern, J. Y. and Moses, Y. and Vardi, M. Y.},
  year={2003},
  publisher={MIT Press}
}

@book{wooldridge2009multiagent,
  title={An Introduction to MultiAgent Systems},
  author={Wooldridge, M.},
  year={2009},
  edition={2nd},
  publisher={John Wiley \& Sons}
}

@book{epstein1996growing,
  title={Growing Artificial Societies: Social Science from the Bottom Up},
  author={Epstein, J. M. and Axtell, R.},
  year={1996},
  publisher={Brookings Institution Press}
}

@book{bratman1987intention,
  title={Intention, Plans, and Practical Reason},
  author={Bratman, M. E.},
  year={1987},
  publisher={Harvard University Press}
}

@techreport{fipa2002agent,
  title={FIPA Agent Management Specification},
  author={FIPA},
  year={2002},
  institution={Foundation for Intelligent Physical Agents}
}

@inproceedings{rao1991modeling,
  title={Modeling rational agents within a BDI-architecture},
  author={Rao, A. S. and Georgeff, M. P.},
  booktitle={KR},
  volume={91},
  pages={473--484},
  year={1991}
}

@techreport{fipa2002ontology,
  title={FIPA Ontology Service Specification},
  author={FIPA},
  year={2002},
  institution={Foundation for Intelligent Physical Agents}
}

@inproceedings{gal2016dropout,
  title={Dropout as a Bayesian approximation: Representing model uncertainty in deep learning},
  author={Gal, Y. and Ghahramani, Z.},
  booktitle={International Conference on Machine Learning},
  pages={1050--1059},
  year={2016}
}

@techreport{fipa2001interaction,
  title={FIPA Interaction Protocol Library Specification},
  author={FIPA},
  year={2001},
  institution={Foundation for Intelligent Physical Agents}
}

@book{dennett1989intentional,
  title={The Intentional Stance},
  author={Dennett, D. C.},
  year={1989},
  publisher={MIT Press}
}

@misc{chase2023langchain,
  title={LangChain: A framework for building applications with LLMs through composability},
  author={Chase, H.},
  year={2023},
  howpublished={GitHub Repository}
}

@techreport{fipa2002communicative,
  title={FIPA Communicative Act Library Specification},
  author={FIPA},
  year={2002},
  institution={Foundation for Intelligent Physical Agents}
}

@article{fillmore1976frame,
  title={Frame semantics and the nature of language},
  author={Fillmore, C. J.},
  journal={Annals of the New York Academy of Sciences},
  volume={280},
  number={1},
  pages={20--32},
  year={1976}
}

@misc{autoGPT,
  title={AutoGPT: An autonomous GPT-4 based agent},
  author={Significant Gravitas},
  year={2023},
  howpublished={GitHub Repository}
}

@misc{agents_js,
  title={Agents.js: JavaScript framework for building autonomous LLM agents},
  author={Various contributors},
  year={2023},
  howpublished={GitHub Repository}
}

@misc{react,
  title={ReAct: Synergizing reasoning and acting in language models},
  author={Google Research},
  year={2022},
  howpublished={arXiv preprint}
}

@misc{epistemic_agents,
  title={Epistemic Modeling in Autonomous Agents},
  author={Various contributors},
  year={2023},
  howpublished={arXiv preprint}
}

@misc{justification_models,
  title={Justification Models for AI Systems},
  author={Various contributors},
  year={2022},
  howpublished={Conference proceedings}
}

@misc{bdi_extended1,
  title={Extensions to the BDI Architecture for Complex Reasoning Tasks},
  author={Various contributors},
  year={2020},
  howpublished={Conference proceedings}
}

@misc{bdi_extended2,
  title={Advanced Models for BDI Agents in Real-World Applications},
  author={Various contributors},
  year={2021},
  howpublished={Journal publication}
}

@misc{bdi_limitations,
  title={Limitations of Traditional BDI Models for Modern Agent Systems},
  author={Various contributors},
  year={2019},
  howpublished={Workshop proceedings}
}

@misc{epistemic_limitations,
  title={Limitations of Formal Epistemic Logic in Agent Design},
  author={Various contributors},
  year={2020},
  howpublished={Conference proceedings}
}

@misc{belief_revision1,
  title={AGM Theory of Belief Revision},
  author={Various contributors},
  year={1985},
  howpublished={Journal publication}
}

@misc{belief_revision2,
  title={Extensions to Belief Revision Theory for Agent Systems},
  author={Various contributors},
  year={2000},
  howpublished={Conference proceedings}
}

@misc{belief_revision3,
  title={Modern Approaches to Belief Revision in Multi-Agent Systems},
  author={Various contributors},
  year={2015},
  howpublished={Journal publication}
}

@misc{belief_revision4,
  title={Belief Revision with Confidence Modeling},
  author={Various contributors},
  year={2018},
  howpublished={Conference proceedings}
}

@misc{cognitive_arch1,
  title={The ACT-R Cognitive Architecture},
  author={Various contributors},
  year={1998},
  howpublished={Technical report}
}

@misc{cognitive_arch2,
  title={The Soar Cognitive Architecture},
  author={Various contributors},
  year={2004},
  howpublished={Technical report}
}

@misc{cognitive_arch3,
  title={Advancements in Cognitive Architectures for Agent Systems},
  author={Various contributors},
  year={2010},
  howpublished={Conference proceedings}
}

@misc{cognitive_arch4,
  title={Comparing Cognitive Architectures for Agent-Based Systems},
  author={Various contributors},
  year={2015},
  howpublished={Journal publication}
}

@misc{cognitive_arch5,
  title={Modern Applications of Cognitive Architectures in AI},
  author={Various contributors},
  year={2018},
  howpublished={Technical report}
}

@misc{justification_models1,
  title={Models of Defeasible Reasoning for Agent Systems},
  author={Various contributors},
  year={2005},
  howpublished={Conference proceedings}
}

@misc{abm_dynamic1,
  title={Dynamic Belief Modeling in Agent-Based Systems},
  author={Various contributors},
  year={2010},
  howpublished={Journal publication}
}

@misc{formal_verification,
  title={Formal Verification Methods for Agent Systems},
  author={Various contributors},
  year={2015},
  howpublished={Conference proceedings}
}
